@incollection{Camacho2007c,
	Author = {Camacho, E. F. and Bordons, C.},
	Doi = {10.1007/978-0-85729-398-5_10},
	Pages = {289--310},
	Title = {{Model Predictive Control and Hybrid Systems}},
	Url = {http://link.springer.com/10.1007/978-0-85729-398-5{\_}10},
	Year = {2007},
	Bdsk-Url-1 = {http://link.springer.com/10.1007/978-0-85729-398-5%7B%5C_%7D10},
	Bdsk-Url-2 = {http://dx.doi.org/10.1007/978-0-85729-398-5_10}}

@phdthesis{Barroso2017,
	Author = {Barroso, N F},
	Keywords = {masterthesis:neson-en},
	Mendeley-Tags = {masterthesis:neson-en},
	School = {CEFET-MG},
	Title = {{Distributed parameters systems monitoring strategy based on Kalman observers (In Portuguese).}},
	Type = {Master Thesis},
	Url = {goo.gl/oDYCdB},
	Year = {2017}}

@misc{lachesis,
	Author = {Sousa, {\'{A}}lan Cr{\'{i}}stoffer},
	Date-Modified = {2018-05-26 16:02:04 +0000},
	Title = {{Lachesis}},
	Url = {https://github.com/acristoffers/lachesis},
	Urldate = {2018-05-23},
	Year = {2017},
	Bdsk-Url-1 = {https://github.com/acristoffers/lachesis}}

@mastersthesis{masterthesis:nelson,
	Author = {Barroso, N F},
	File = {:Users/Alan/Google Drive/Documents/Universit{\"{a}}ten/CEFET/2018.1/TCC I/Bibliografia/Nelson de Figueiredo Barroso/Estrat{\'{e}}gia de monitoramento de sistemas distribu{\'{i}}dos baseada em observadores do tipo Kalman.pdf:pdf},
	School = {CEFET-MG},
	Title = {{Estrat{\'{e}}gia de monitoramento de sistemas distribu{\'{i}}dos baseada em observadores do tipo Kalman}},
	Type = {Master Thesis},
	Url = {https://goo.gl/oDYCdB},
	Year = {2017},
	Bdsk-Url-1 = {https://goo.gl/oDYCdB}}

@inproceedings{article:shang,
	Author = {Forbes, J.F. and Guay, M.},
	Booktitle = {Proceedings of the 2002 American Control Conference (IEEE Cat. No.CH37301)},
	Doi = {10.1109/ACC.2002.1025336},
	File = {:Users/Alan/Google Drive/Documents/Universit{\"{a}}ten/CEFET/2018.1/TCC I/Bibliografia/Shang/Characteristics-based Model Predictive Control of Distributed Parameter Systems .pdf:pdf},
	Isbn = {0-7803-7298-0},
	Issn = {07431619},
	Keywords = {controller was syn-,distributed parameter systems,ge-,hyperbolic pde system using,model predic-,nonlinear distributed output feedback,partial differential equations,thesized for a quasilinear,tive control},
	Number = {l},
	Pages = {4383--4388},
	Title = {{Characteristics-based model predictive control of distributed parameter systems}},
	Url = {http://ieeexplore.ieee.org/lpdocs/epic03/wrapper.htm?arnumber=1025336},
	Volume = {6},
	Year = {2002},
	Bdsk-Url-1 = {http://ieeexplore.ieee.org/lpdocs/epic03/wrapper.htm?arnumber=1025336},
	Bdsk-Url-2 = {http://dx.doi.org/10.1109/ACC.2002.1025336}}

@misc{misc:nelson,
	Annote = {Trabalho de Conclus{\~{a}}o de Curso em Engenharia Mecatr{\^{o}}nica no CEFET-MG},
	Author = {Barroso, N F},
	Institution = {CEFET-MG},
	Title = {{Instrumenta{\c{c}}{\~{a}}o Virtual Aplicada {\`{a}} Automa{\c{c}}{\~{a}}o de um Sistema T{\'{e}}rmico para Experimenta{\c{c}}{\~{a}}o Via Web}},
	Year = {2015}}

@book{book:wang,
	Author = {Wang, Liuping},
	Doi = {10.1007/978-1-84882-331-0},
	Edition = {1},
	Isbn = {9781848823303},
	Issn = {1430-9491},
	Pages = {403},
	Pmid = {25246403},
	Publisher = {Springer-Verlag London},
	Series = {Advances in Industrial Control},
	Title = {{Model Predictive Control System Design and Implementation Using MATLAB}},
	Year = {2009}}

@misc{misc:patwardhan,
	Author = {Patwardhan, Sachin C},
	File = {:Users/Alan/Google Drive/Documents/Universit{\"{a}}ten/CEFET/2018.1/TCC I/Bibliografia/Sachin C. Patwardhan/A Gentle Introduction to Model Predictive Control (MPC) Formulations based on Discrete Linear State Space Models/A Gentle Introduction to Model Predictive Control (MPC) Formulations based on Discrete Linear State Space Models.pdf:pdf},
	Institution = {Indian Institute of Technology Bombay},
	Title = {{A Gentle Introduction to Model Predictive Control (MPC) Formulations based on Discrete Linear State Space Models}},
	Url = {https://www.iitk.ac.in/tkic/workshop/control techniques/ppt/patvardhan/LQG{\_}MPC{\_}Notes{\_}IITK{\_}2016.pdf},
	Year = {2014},
	Bdsk-Url-1 = {https://www.iitk.ac.in/tkic/workshop/control%20techniques/ppt/patvardhan/LQG%7B%5C_%7DMPC%7B%5C_%7DNotes%7B%5C_%7DIITK%7B%5C_%7D2016.pdf}}

@article{article:esousa,
	author = {SOUSA, {\'{A}}lan C. E. and LEITE, Valter J. S. and {RUBIO SCOLA}, Ignacio},
	doi = {10.24846/v27i3y201802},
	issn = {12201766},
	journal = {Studies in Informatics and Control},
	month = {oct},
	number = {3},
	pages = {265--274},
	title = {{Affordable Control Platform with MPC Application}},
	volume = {27},
	year = {2018}
}
