@book{book:ogata,
    Author = {Katsuhiko Ogata},
    Date-Added = {2017-08-20 19:06:29.777471},
    Date-Modified = {2017-08-20 19:06:29.777471},
    Publisher = {Pearson},
    Title = {Modern Control Engineering},
    Year = {2009}}

@book{book:dorf,
    Author = {Richard C. Dorf and Robert H. Bishop},
    Date-Added = {2017-08-20 19:06:54.071478},
    Date-Modified = {2017-08-20 19:06:54.071478},
    Publisher = {Pearson},
    Title = {Modern Control Systems},
    Year = {2010}}

@article{article:nishikawa,
	Author = {Yoshikazu Nishikawa and Nobuo Sannomiya and Tokuji Ohta and Haruki Tanaka},
	Date-Added = {2017-11-05 21:50:11 +0000},
	Date-Modified = {2017-11-05 21:52:07 +0000},
	Journal = {Automatica},
	Number = {3},
	Pages = {321-332},
	Title = {A Method for Auto-tuning of PID Control Parameters},
	Volume = {20},
	Year = {1984}}

@article{article:clarke,
	Author = {D.W. Clarke},
	Date-Added = {2017-11-05 21:45:54 +0000},
	Date-Modified = {2017-11-05 21:47:02 +0000},
	Journal = {Transactions of the Institute of Measurement and Control},
	Pages = {305},
	Title = {PID algorithms and their computer implementation},
	Volume = {6},
	Year = {1984}}

@article{article:martins,
	Author = {FERNANDO G. MARTINS},
	Date-Added = {2017-11-05 21:43:39 +0000},
	Date-Modified = {2017-11-05 21:45:42 +0000},
	Journal = {IJEE},
	Number = {3},
	Title = {Tuning PID Controllers using the ITAE Criterion},
	Volume = {21},
	Year = {2005}}

@book{book:meriam,
    Author = {James L. Meriam and L. G. Kraige},
    Date-Added = {2017-11-27 14:14:43.530769},
    Date-Modified = {2017-11-27 14:14:43.530769},
    Publisher = {John Wiley \& Sons},
    Title = {Engineering Mechanics: Dynamics},
    Year = {2012}}
